

% theses and dissertations
@mastersthesis{atmaca2020,
    author = {Atmaca, Furkan},
    title = {{Suspended affixation in Turkish}},
    school = {Bo\u{g}azi\c{c}i \"{U}niversitesi},
    year = {2020}
}

@mastersthesis{turk2022attraction,
    author = {TÃ¼rk, Utku},
    title = {{Agreement attraction in Turkish}},
    school = {Bo\u{g}azi\c{c}i \"{U}niversitesi},
    year = {2022}
}

% Article entries
@article{AcunaEtAl2014,
  title   = {Gender and number agreement in comprehension in {S}panish},
  author  = {Acu{\~n}a-Fari{\~n}a, Juan Carlos and Meseguer, Enrique and Carreiras, Manuel},
  journal = {Lingua},
  volume  = {143},
  number  = {1},
  pages   = {108--128},
  year    = {2014},
  doi     = {10.1016/j.lingua.2014.01.013}
}

@article{assembly1948universal,
  title={Universal declaration of human rights},
  author={Assembly, UN General},
  journal={UN General Assembly},
  volume={302},
  number={2},
  year={1948},
  publisher={New York, NY, USA:}
}

@article{turk2022resources,
  title={Resources for Turkish dependency parsing: Introducing the BOUN treebank and the BoAT annotation tool},
  author={T{\"u}rk, Utku and Atmaca, Furkan and {\"O}zate{\c{s}}, {\c{S}}aziye Bet{\"u}l and Berk, G{\"o}zde and Bedir, Seyyit Talha and K{\"o}ksal, Abdullatif and Ba{\c{s}}aran, Balk{\i}z {\"O}zt{\"u}rk and G{\"u}ng{\"o}r, Tunga and {\"O}zg{\"u}r, Arzucan},
  journal={Language Resources and Evaluation},
  volume={56},
  number={1},
  pages={259--307},
  year={2022},
  publisher={Springer}
}

% Book section entries
@incollection{LogacevVasishth2012,
  title     = {Case matching and conflicting bindings interference},
  author    = {Loga{\v{c}}ev, Pavel and Vasishth, Shravan},
  booktitle = {Case, word order and prominence},
  doi       = {10.1007/978-94-007-1463-2\_9},
  pages     = {187--216},
  editor    = {Monique Lamers and Peter de Swart},
  year      = {2012},
  publisher = {Springer},
  address = {Dordrecht, The Netherlands}
}

% Proceedings entries
@inproceedings{FedorenkoEtAl2004,
  author    = {Fedorenko, Evelina and Babyonyshev, Maria and Gibson, Edward},
  booktitle = {Proceedings of North East Linguistics Society},
  address   = {Amherst, MA},
  volume    = {34},
  pages     = {215--226},
  title     = {The nature of case interference in online sentence processing in {R}ussian},
  publisher = {GLSA},
  year      = {2004}
}